@BOOK{wirtz,
	AUTHOR = {{Bernd W. Wirtz}},
	YEAR = {2008},
	TITLE = {Multi-Channel-Marketing: Grundlagen - Instrumente - Prozesse},
	ISBN = {978-3-8349-0214-6},
	PUBLISHER = {Gabler Verlag},
	ADDRESS = {{Wiesbaden}},
	howpublished = {\url{http://books.google.de/books?hl=de&lr=&id=z0zDS9Q5hRYC&oi=fnd&pg=PR5&dq=definition+multi+channel+marketing&ots=kF4LJrts5J&sig=gdsEH9jJgvAJrfW8AFFmq3Xqeu0#v=onepage&q=definition%20multi%20channel%20marketing&f=false}}
}

@BOOK{emrich,
	AUTHOR = {{Christin Emrich}},
	YEAR = {2008},
	TITLE = {Multi-Channel-Communications- und Marketing-Management},
	ISBN = {978-3-8349-0855-1},
	PUBLISHER = {Gabler Verlag},
	ADDRESS = {{Wiesbaden}},
	howpublished = {\url{http://link.springer.com/book/10.1007/978-3-8349-9685-5}}
}

@BOOK{pritchett,
	AUTHOR = {{Pritchett et al.}},
	YEAR = {2013},
	TITLE = {Kali Linux Cookbook},
	EDITION = {},
	ISBN = {978-1-78328-959-2},
	PUBLISHER = {Packt Publishing},
	ADDRESS = {{Birmingham, UK}},
}

@BOOK{stoll,
	AUTHOR = {Stoll},
	YEAR = {1998},
	TITLE = {Das Kuckucksei},
	EDITION = {},
	ISBN = {978-3596139842},
	PUBLISHER = {Fischer Taschenbuch Verlag},
	ADDRESS = {Frankfurt am Main},
}

@BOOK{carr,
	AUTHOR = {Carr},
	YEAR = {2011},
	TITLE = {Inside Cyber Warfare},
	EDITION = {2nd.},
	ISBN = {978-1-4493-1004-2},
	PUBLISHER = {O'Reilly Media},
	ADDRESS = {{Sebastopol, CA, USA}},
}

@BOOK{amoroso,
	AUTHOR = {Amoroso},
	YEAR = {2011},
	TITLE = {Cyber Attacks -- Protecting National Infrastructure},
	EDITION = {},
	ISBN = {978-0-12-384917-5},
	PUBLISHER = {Butterworth-Heinemann},
	ADDRESS = {{Oxford, UK}},
}

@MISC{ross,
	author = {{Ross et al.}},
	title = {{Cross-site Scripting Overview, Abruf am 02.05.2014}},
	year = {2000},
	howpublished={\url{http://ha.ckers.org/cross-site-scripting.html}}
}

@MISC{defat,
	author = {{Bartl (Hrsg.)}},
	title = {{Brute Force Attack erfolgreich abwehren und blocken, Abruf am 01.05.2014}},
	year = {2014},
	howpublished={\url{http://www.defense.at/securitypaper/brute-force-attack.html}}
}

@MISC{bbds,
	author = {{Dix (Hrsg.)}},
	title = {{Begriffsbestimmung: Verf체gbarkeit, Integrit채t, Vertraulichkeit, Authentizit채t, Abruf am 01.05.2014}},
	year = {2008},
	howpublished={\url{http://www.datenschutz-berlin.de/content/technik/begriffsbestimmungen/verfuegbarkeit-integritaet-vertraulichkeit-authentizitaet}}
}

@MISC{owasp,
	author = {{OWASP.org (Hrsg.)}},
	title = {{Top 10 -- 2013, The Most Critical Web Application Security Risks, Abruf am 01.05.2014}},
	year = {2013},
	howpublished={\url{http://owasptop10.googlecode.com/files/OWASP%20Top%2010%20-%202013.pdf}}
}

@MISC{friedl:sqlinjection,
	author = {Friedl},
	title = {{SQL Injection Attacks by Example, Abruf am 25.10.2013}},
	year = {2007},
    howpublished={\url{http://www.unixwiz.net/techtips/sql-injection.html}}
}

@MISC{vodafone,
	author = {Fuest},
	title = {{Fall Vodafone zeigt die wahren Sicherheitsl체cken, Abruf am 01.05.2014}},
	year = {2013},
	howpublished={\url{http://www.welt.de/wirtschaft/webwelt/article119967954/Fall-Vodafone-zeigt-die-wahren-Sicherheitsluecken.html}}
}

